%YAML 1.1
%TAG !u! tag:unity3d.com,2011:
--- !u!1 &11300608964453853
GameObject:
  m_ObjectHideFlags: 0
  m_CorrespondingSourceObject: {fileID: 0}
  m_PrefabInstance: {fileID: 0}
  m_PrefabAsset: {fileID: 0}
  serializedVersion: 6
  m_Component:
  - component: {fileID: 3639468100050896222}
  m_Layer: 0
  m_Name: mixamorig:LeftShoulder
  m_TagString: Untagged
  m_Icon: {fileID: 0}
  m_NavMeshLayer: 0
  m_StaticEditorFlags: 0
  m_IsActive: 1
--- !u!4 &3639468100050896222
Transform:
  m_ObjectHideFlags: 0
  m_CorrespondingSourceObject: {fileID: 0}
  m_PrefabInstance: {fileID: 0}
  m_PrefabAsset: {fileID: 0}
  m_GameObject: {fileID: 11300608964453853}
  m_LocalRotation: {x: 0.54358995, y: -0.4529245, z: 0.53939784, w: 0.45652986}
  m_LocalPosition: {x: -0.040757388, y: 0.038828205, z: 0.0003134553}
  m_LocalScale: {x: 0.99999964, y: 0.9999999, z: 0.99999976}
  m_Children:
  - {fileID: 6317187289855861248}
  m_Father: {fileID: 8656536307041253836}
  m_RootOrder: 0
  m_LocalEulerAnglesHint: {x: 64.89416, y: 102.81985, z: -179.8487}
--- !u!1 &117557824077034595
GameObject:
  m_ObjectHideFlags: 0
  m_CorrespondingSourceObject: {fileID: 0}
  m_PrefabInstance: {fileID: 0}
  m_PrefabAsset: {fileID: 0}
  serializedVersion: 6
  m_Component:
  - component: {fileID: 5586440633905010524}
  m_Layer: 0
  m_Name: mixamorig:RightUpLeg
  m_TagString: Untagged
  m_Icon: {fileID: 0}
  m_NavMeshLayer: 0
  m_StaticEditorFlags: 0
  m_IsActive: 1
--- !u!4 &5586440633905010524
Transform:
  m_ObjectHideFlags: 0
  m_CorrespondingSourceObject: {fileID: 0}
  m_PrefabInstance: {fileID: 0}
  m_PrefabAsset: {fileID: 0}
  m_GameObject: {fileID: 117557824077034595}
  m_LocalRotation: {x: 0.0005315176, y: 0.055950765, z: 0.99843085, w: -0.0022587446}
  m_LocalPosition: {x: 0.046051044, y: -0.016712442, z: 0.0014463303}
  m_LocalScale: {x: 0.99998915, y: 0.9999983, z: 0.9999121}
  m_Children:
  - {fileID: 2896965775008019228}
  m_Father: {fileID: 7166863910397492797}
  m_RootOrder: 1
  m_LocalEulerAnglesHint: {x: -32.249504, y: 7.3391953, z: -139.64267}
--- !u!1 &307931809902781989
GameObject:
  m_ObjectHideFlags: 0
  m_CorrespondingSourceObject: {fileID: 0}
  m_PrefabInstance: {fileID: 0}
  m_PrefabAsset: {fileID: 0}
  serializedVersion: 6
  m_Component:
  - component: {fileID: 5697270503521829851}
  m_Layer: 0
  m_Name: mixamorig:LeftForeArm
  m_TagString: Untagged
  m_Icon: {fileID: 0}
  m_NavMeshLayer: 0
  m_StaticEditorFlags: 0
  m_IsActive: 1
--- !u!4 &5697270503521829851
Transform:
  m_ObjectHideFlags: 0
  m_CorrespondingSourceObject: {fileID: 0}
  m_PrefabInstance: {fileID: 0}
  m_PrefabAsset: {fileID: 0}
  m_GameObject: {fileID: 307931809902781989}
  m_LocalRotation: {x: 0.0000008112727, y: 0.0010745197, z: 0.0000003934658, w: 0.99999946}
  m_LocalPosition: {x: -0.0000000011212978, y: 0.05827596, z: -0.000000036181262}
  m_LocalScale: {x: 1, y: 1.0000002, z: 0.9999999}
  m_Children:
  - {fileID: 1530649566652696579}
  m_Father: {fileID: 6317187289855861248}
  m_RootOrder: 0
  m_LocalEulerAnglesHint: {x: 1.5029333, y: 5.7648754, z: -31.849014}
--- !u!1 &346090627063299361
GameObject:
  m_ObjectHideFlags: 0
  m_CorrespondingSourceObject: {fileID: 0}
  m_PrefabInstance: {fileID: 0}
  m_PrefabAsset: {fileID: 0}
  serializedVersion: 6
  m_Component:
  - component: {fileID: 6317187289855861248}
  m_Layer: 0
  m_Name: mixamorig:LeftArm
  m_TagString: Untagged
  m_Icon: {fileID: 0}
  m_NavMeshLayer: 0
  m_StaticEditorFlags: 0
  m_IsActive: 1
--- !u!4 &6317187289855861248
Transform:
  m_ObjectHideFlags: 0
  m_CorrespondingSourceObject: {fileID: 0}
  m_PrefabInstance: {fileID: 0}
  m_PrefabAsset: {fileID: 0}
  m_GameObject: {fileID: 346090627063299361}
  m_LocalRotation: {x: -0.08675099, y: -0.0034098509, z: 0.004220531, w: 0.9962153}
  m_LocalPosition: {x: -2.9802322e-10, y: 0.088803984, z: 0.000000010430813}
  m_LocalScale: {x: 1.0000002, y: 0.99999964, z: 1}
  m_Children:
  - {fileID: 5697270503521829851}
  m_Father: {fileID: 3639468100050896222}
  m_RootOrder: 0
  m_LocalEulerAnglesHint: {x: 46.57106, y: 13.364603, z: 22.820057}
--- !u!1 &894100620683829601
GameObject:
  m_ObjectHideFlags: 0
  m_CorrespondingSourceObject: {fileID: 0}
  m_PrefabInstance: {fileID: 0}
  m_PrefabAsset: {fileID: 0}
  serializedVersion: 6
  m_Component:
  - component: {fileID: 784233861691527836}
  m_Layer: 0
  m_Name: mixamorig:LeftToe_End_end_end
  m_TagString: Untagged
  m_Icon: {fileID: 0}
  m_NavMeshLayer: 0
  m_StaticEditorFlags: 0
  m_IsActive: 1
--- !u!4 &784233861691527836
Transform:
  m_ObjectHideFlags: 0
  m_CorrespondingSourceObject: {fileID: 0}
  m_PrefabInstance: {fileID: 0}
  m_PrefabAsset: {fileID: 0}
  m_GameObject: {fileID: 894100620683829601}
  m_LocalRotation: {x: -3.8380674e-10, y: 0.00000091705203, z: -0.00000089481176,
    w: 1}
  m_LocalPosition: {x: -8.608913e-10, y: 0.005328719, z: 1.8626451e-11}
  m_LocalScale: {x: 1.0000001, y: 1, z: 1.0000001}
  m_Children:
  - {fileID: 3874317087781115050}
  m_Father: {fileID: 5586689928790728134}
  m_RootOrder: 0
  m_LocalEulerAnglesHint: {x: 0, y: 0, z: 0}
--- !u!1 &1262979821285329006
GameObject:
  m_ObjectHideFlags: 0
  m_CorrespondingSourceObject: {fileID: 0}
  m_PrefabInstance: {fileID: 0}
  m_PrefabAsset: {fileID: 0}
  serializedVersion: 6
  m_Component:
  - component: {fileID: 2872268159617088125}
  - component: {fileID: 6523286022299254859}
  - component: {fileID: 701391077443173554}
  m_Layer: 0
  m_Name: shield_crescent
  m_TagString: Untagged
  m_Icon: {fileID: 0}
  m_NavMeshLayer: 0
  m_StaticEditorFlags: 0
  m_IsActive: 1
--- !u!4 &2872268159617088125
Transform:
  m_ObjectHideFlags: 0
  m_CorrespondingSourceObject: {fileID: 0}
  m_PrefabInstance: {fileID: 0}
  m_PrefabAsset: {fileID: 0}
  m_GameObject: {fileID: 1262979821285329006}
  m_LocalRotation: {x: 0, y: 0, z: 0, w: 1}
  m_LocalPosition: {x: -0.0002, y: -0, z: -0}
  m_LocalScale: {x: 1, y: 1, z: 1}
  m_Children: []
  m_Father: {fileID: 4329726177281605893}
  m_RootOrder: 0
  m_LocalEulerAnglesHint: {x: 0, y: 0, z: 0}
--- !u!33 &6523286022299254859
MeshFilter:
  m_ObjectHideFlags: 0
  m_CorrespondingSourceObject: {fileID: 0}
  m_PrefabInstance: {fileID: 0}
  m_PrefabAsset: {fileID: 0}
  m_GameObject: {fileID: 1262979821285329006}
  m_Mesh: {fileID: -8078669589379862547, guid: 5ef328c80b4f6254c86e81466ca871db, type: 3}
--- !u!23 &701391077443173554
MeshRenderer:
  m_ObjectHideFlags: 0
  m_CorrespondingSourceObject: {fileID: 0}
  m_PrefabInstance: {fileID: 0}
  m_PrefabAsset: {fileID: 0}
  m_GameObject: {fileID: 1262979821285329006}
  m_Enabled: 1
  m_CastShadows: 1
  m_ReceiveShadows: 1
  m_DynamicOccludee: 1
  m_MotionVectors: 1
  m_LightProbeUsage: 1
  m_ReflectionProbeUsage: 1
  m_RayTracingMode: 2
  m_RenderingLayerMask: 1
  m_RendererPriority: 0
  m_Materials:
  - {fileID: 2100000, guid: 1cc920049d0b3bc468983aa871e9a9e9, type: 2}
  - {fileID: 2100000, guid: 1c6e526fa8dc7d142aed8c768b647fd6, type: 2}
  - {fileID: 2100000, guid: c9246da550eeb2546ac377d596c8d901, type: 2}
  m_StaticBatchInfo:
    firstSubMesh: 0
    subMeshCount: 0
  m_StaticBatchRoot: {fileID: 0}
  m_ProbeAnchor: {fileID: 0}
  m_LightProbeVolumeOverride: {fileID: 0}
  m_ScaleInLightmap: 1
  m_ReceiveGI: 1
  m_PreserveUVs: 0
  m_IgnoreNormalsForChartDetection: 0
  m_ImportantGI: 0
  m_StitchLightmapSeams: 1
  m_SelectedEditorRenderState: 3
  m_MinimumChartSize: 4
  m_AutoUVMaxDistance: 0.5
  m_AutoUVMaxAngle: 89
  m_LightmapParameters: {fileID: 0}
  m_SortingLayerID: 0
  m_SortingLayer: 0
  m_SortingOrder: 0
--- !u!1 &1267874274477269078
GameObject:
  m_ObjectHideFlags: 0
  m_CorrespondingSourceObject: {fileID: 0}
  m_PrefabInstance: {fileID: 0}
  m_PrefabAsset: {fileID: 0}
  serializedVersion: 6
  m_Component:
  - component: {fileID: 961238954711746472}
  m_Layer: 0
  m_Name: mixamorig:RightToe_End_end_end
  m_TagString: Untagged
  m_Icon: {fileID: 0}
  m_NavMeshLayer: 0
  m_StaticEditorFlags: 0
  m_IsActive: 1
--- !u!4 &961238954711746472
Transform:
  m_ObjectHideFlags: 0
  m_CorrespondingSourceObject: {fileID: 0}
  m_PrefabInstance: {fileID: 0}
  m_PrefabAsset: {fileID: 0}
  m_GameObject: {fileID: 1267874274477269078}
  m_LocalRotation: {x: 8.3093715e-10, y: -6.093616e-11, z: 1.2369128e-10, w: 1}
  m_LocalPosition: {x: -0.0000000022610764, y: 0.0056446814, z: -1.8626451e-11}
  m_LocalScale: {x: 1, y: 1, z: 0.99999994}
  m_Children:
  - {fileID: 2543465694805916915}
  m_Father: {fileID: 2770446707140455849}
  m_RootOrder: 0
  m_LocalEulerAnglesHint: {x: 0, y: 0, z: 0}
--- !u!1 &1551578371146912592
GameObject:
  m_ObjectHideFlags: 0
  m_CorrespondingSourceObject: {fileID: 0}
  m_PrefabInstance: {fileID: 0}
  m_PrefabAsset: {fileID: 0}
  serializedVersion: 6
  m_Component:
  - component: {fileID: 6304585715303924713}
  m_Layer: 0
  m_Name: mixamorig:Spine1
  m_TagString: Untagged
  m_Icon: {fileID: 0}
  m_NavMeshLayer: 0
  m_StaticEditorFlags: 0
  m_IsActive: 1
--- !u!4 &6304585715303924713
Transform:
  m_ObjectHideFlags: 0
  m_CorrespondingSourceObject: {fileID: 0}
  m_PrefabInstance: {fileID: 0}
  m_PrefabAsset: {fileID: 0}
  m_GameObject: {fileID: 1551578371146912592}
  m_LocalRotation: {x: -0.000000015832484, y: -2.879948e-14, z: 6.828446e-13, w: 1}
  m_LocalPosition: {x: -5.3287795e-14, y: 0.035050053, z: 2.980232e-10}
  m_LocalScale: {x: 1, y: 1, z: 1}
  m_Children:
  - {fileID: 8656536307041253836}
  m_Father: {fileID: 7159915394381020059}
  m_RootOrder: 0
  m_LocalEulerAnglesHint: {x: 2.3721323, y: 1.4833418, z: 1.968031}
--- !u!1 &1562605166712524309
GameObject:
  m_ObjectHideFlags: 0
  m_CorrespondingSourceObject: {fileID: 0}
  m_PrefabInstance: {fileID: 0}
  m_PrefabAsset: {fileID: 0}
  serializedVersion: 6
  m_Component:
  - component: {fileID: 8929063583737917916}
  m_Layer: 0
  m_Name: mixamorig:RightArm
  m_TagString: Untagged
  m_Icon: {fileID: 0}
  m_NavMeshLayer: 0
  m_StaticEditorFlags: 0
  m_IsActive: 1
--- !u!4 &8929063583737917916
Transform:
  m_ObjectHideFlags: 0
  m_CorrespondingSourceObject: {fileID: 0}
  m_PrefabInstance: {fileID: 0}
  m_PrefabAsset: {fileID: 0}
  m_GameObject: {fileID: 1562605166712524309}
  m_LocalRotation: {x: -0.086854674, y: 0.0018466279, z: 0.000252604, w: 0.9962193}
  m_LocalPosition: {x: -6.9849193e-10, y: 0.088803925, z: 0.000000025681219}
  m_LocalScale: {x: 0.99999994, y: 0.9999995, z: 0.99999994}
  m_Children:
  - {fileID: 5137740081503333444}
  m_Father: {fileID: 4529225307724020155}
  m_RootOrder: 0
  m_LocalEulerAnglesHint: {x: 55.257004, y: 8.5060005, z: -7.7820005}
--- !u!1 &1940882469379925897
GameObject:
  m_ObjectHideFlags: 0
  m_CorrespondingSourceObject: {fileID: 0}
  m_PrefabInstance: {fileID: 0}
  m_PrefabAsset: {fileID: 0}
  serializedVersion: 6
  m_Component:
  - component: {fileID: 8658381240751741524}
  m_Layer: 0
  m_Name: mixamorig:LeftLeg
  m_TagString: Untagged
  m_Icon: {fileID: 0}
  m_NavMeshLayer: 0
  m_StaticEditorFlags: 0
  m_IsActive: 1
--- !u!4 &8658381240751741524
Transform:
  m_ObjectHideFlags: 0
  m_CorrespondingSourceObject: {fileID: 0}
  m_PrefabInstance: {fileID: 0}
  m_PrefabAsset: {fileID: 0}
  m_GameObject: {fileID: 1940882469379925897}
  m_LocalRotation: {x: -0.14644906, y: -0.00020895235, z: 0.0055852123, w: 0.98920244}
  m_LocalPosition: {x: 0.00000000131462, y: 0.08998983, z: 1.8218997e-10}
  m_LocalScale: {x: 0.9999998, y: 0.9999995, z: 1}
  m_Children:
  - {fileID: 3986924297632130755}
  m_Father: {fileID: 2212757920507093716}
  m_RootOrder: 0
  m_LocalEulerAnglesHint: {x: -15.295001, y: -5.9960003, z: 1.5990001}
--- !u!1 &2046745059616308956
GameObject:
  m_ObjectHideFlags: 0
  m_CorrespondingSourceObject: {fileID: 0}
  m_PrefabInstance: {fileID: 0}
  m_PrefabAsset: {fileID: 0}
  serializedVersion: 6
  m_Component:
  - component: {fileID: 614806510751758924}
  m_Layer: 0
  m_Name: mixamorig:Head
  m_TagString: Untagged
  m_Icon: {fileID: 0}
  m_NavMeshLayer: 0
  m_StaticEditorFlags: 0
  m_IsActive: 1
--- !u!4 &614806510751758924
Transform:
  m_ObjectHideFlags: 0
  m_CorrespondingSourceObject: {fileID: 0}
  m_PrefabInstance: {fileID: 0}
  m_PrefabAsset: {fileID: 0}
  m_GameObject: {fileID: 2046745059616308956}
  m_LocalRotation: {x: -7.2393824e-10, y: 6.5097563e-19, z: -1.7643596e-19, w: 1}
  m_LocalPosition: {x: -8.210688e-14, y: 0.028536644, z: -0.004852499}
  m_LocalScale: {x: 1, y: 1.0000001, z: 1.0000001}
  m_Children:
  - {fileID: 7689810562698998985}
  - {fileID: 4329726177236599898}
  m_Father: {fileID: 8502571877314448684}
  m_RootOrder: 0
  m_LocalEulerAnglesHint: {x: -13.712684, y: -47.77925, z: 10.358763}
--- !u!1 &2230354860817713223
GameObject:
  m_ObjectHideFlags: 0
  m_CorrespondingSourceObject: {fileID: 0}
  m_PrefabInstance: {fileID: 0}
  m_PrefabAsset: {fileID: 0}
  serializedVersion: 6
  m_Component:
  - component: {fileID: 8714094563353372595}
  m_Layer: 0
  m_Name: mixamorig:RightHand_end_end
  m_TagString: Untagged
  m_Icon: {fileID: 0}
  m_NavMeshLayer: 0
  m_StaticEditorFlags: 0
  m_IsActive: 1
--- !u!4 &8714094563353372595
Transform:
  m_ObjectHideFlags: 0
  m_CorrespondingSourceObject: {fileID: 0}
  m_PrefabInstance: {fileID: 0}
  m_PrefabAsset: {fileID: 0}
  m_GameObject: {fileID: 2230354860817713223}
  m_LocalRotation: {x: 0.00000039899334, y: -0.00000000838074, z: -0.0000000022331434,
    w: 1}
  m_LocalPosition: {x: 1.4798388e-10, y: 0.1000898, z: -0.000000012984965}
  m_LocalScale: {x: 1, y: 0.99999994, z: 1}
  m_Children:
  - {fileID: 7516523989087518789}
  m_Father: {fileID: 8308377111589391710}
  m_RootOrder: 0
  m_LocalEulerAnglesHint: {x: 0, y: 0, z: 0}
--- !u!1 &2442651896768977163
GameObject:
  m_ObjectHideFlags: 0
  m_CorrespondingSourceObject: {fileID: 0}
  m_PrefabInstance: {fileID: 0}
  m_PrefabAsset: {fileID: 0}
  serializedVersion: 6
  m_Component:
  - component: {fileID: 1530649566652696579}
  m_Layer: 0
  m_Name: mixamorig:LeftHand
  m_TagString: Untagged
  m_Icon: {fileID: 0}
  m_NavMeshLayer: 0
  m_StaticEditorFlags: 0
  m_IsActive: 1
--- !u!4 &1530649566652696579
Transform:
  m_ObjectHideFlags: 0
  m_CorrespondingSourceObject: {fileID: 0}
  m_PrefabInstance: {fileID: 0}
  m_PrefabAsset: {fileID: 0}
  m_GameObject: {fileID: 2442651896768977163}
  m_LocalRotation: {x: -0.0000007944332, y: -0.000000021420792, z: -5.268692e-10,
    w: 1}
  m_LocalPosition: {x: 4.002868e-10, y: 0.1000975, z: 0.0000000021115556}
  m_LocalScale: {x: 0.9999999, y: 1, z: 1.0000002}
  m_Children:
  - {fileID: 2929456897405245377}
  - {fileID: 4329726177281605893}
  m_Father: {fileID: 5697270503521829851}
  m_RootOrder: 0
  m_LocalEulerAnglesHint: {x: 0, y: 0, z: 0}
--- !u!1 &2580047539611234950
GameObject:
  m_ObjectHideFlags: 0
  m_CorrespondingSourceObject: {fileID: 0}
  m_PrefabInstance: {fileID: 0}
  m_PrefabAsset: {fileID: 0}
  serializedVersion: 6
  m_Component:
  - component: {fileID: 6384826147156953740}
  m_Layer: 0
  m_Name: mixamorig:LeftToe_End
  m_TagString: Untagged
  m_Icon: {fileID: 0}
  m_NavMeshLayer: 0
  m_StaticEditorFlags: 0
  m_IsActive: 1
--- !u!4 &6384826147156953740
Transform:
  m_ObjectHideFlags: 0
  m_CorrespondingSourceObject: {fileID: 0}
  m_PrefabInstance: {fileID: 0}
  m_PrefabAsset: {fileID: 0}
  m_GameObject: {fileID: 2580047539611234950}
  m_LocalRotation: {x: -0.00000005718015, y: 0.00000021948243, z: -0.0000006104309,
    w: 1}
  m_LocalPosition: {x: 0.000000001071603, y: 0.005330073, z: -3.7252902e-11}
  m_LocalScale: {x: 1, y: 1.0000002, z: 1.0000001}
  m_Children:
  - {fileID: 5586689928790728134}
  m_Father: {fileID: 3991653439491975672}
  m_RootOrder: 0
  m_LocalEulerAnglesHint: {x: 0, y: 0, z: 0}
--- !u!1 &2606248788688942432
GameObject:
  m_ObjectHideFlags: 0
  m_CorrespondingSourceObject: {fileID: 0}
  m_PrefabInstance: {fileID: 0}
  m_PrefabAsset: {fileID: 0}
  serializedVersion: 6
  m_Component:
  - component: {fileID: 3874317087781115050}
  m_Layer: 0
  m_Name: mixamorig:LeftToe_End_end_end_end
  m_TagString: Untagged
  m_Icon: {fileID: 0}
  m_NavMeshLayer: 0
  m_StaticEditorFlags: 0
  m_IsActive: 1
--- !u!4 &3874317087781115050
Transform:
  m_ObjectHideFlags: 0
  m_CorrespondingSourceObject: {fileID: 0}
  m_PrefabInstance: {fileID: 0}
  m_PrefabAsset: {fileID: 0}
  m_GameObject: {fileID: 2606248788688942432}
  m_LocalRotation: {x: 0, y: -0, z: -0, w: 1}
  m_LocalPosition: {x: -0, y: 0.00532933, z: 0}
  m_LocalScale: {x: 1, y: 1, z: 1}
  m_Children: []
  m_Father: {fileID: 784233861691527836}
  m_RootOrder: 0
  m_LocalEulerAnglesHint: {x: 0, y: 0, z: 0}
--- !u!1 &2619440562597129685
GameObject:
  m_ObjectHideFlags: 0
  m_CorrespondingSourceObject: {fileID: 0}
  m_PrefabInstance: {fileID: 0}
  m_PrefabAsset: {fileID: 0}
  serializedVersion: 6
  m_Component:
  - component: {fileID: 2118674542759009909}
  m_Layer: 0
  m_Name: mixamorig:LeftHand_end_end_end
  m_TagString: Untagged
  m_Icon: {fileID: 0}
  m_NavMeshLayer: 0
  m_StaticEditorFlags: 0
  m_IsActive: 1
--- !u!4 &2118674542759009909
Transform:
  m_ObjectHideFlags: 0
  m_CorrespondingSourceObject: {fileID: 0}
  m_PrefabInstance: {fileID: 0}
  m_PrefabAsset: {fileID: 0}
  m_GameObject: {fileID: 2619440562597129685}
  m_LocalRotation: {x: 0, y: -0, z: -0, w: 1}
  m_LocalPosition: {x: -0, y: 0.10009735, z: 0}
  m_LocalScale: {x: 1, y: 1, z: 1}
  m_Children: []
  m_Father: {fileID: 2850151370100778458}
  m_RootOrder: 0
  m_LocalEulerAnglesHint: {x: 0, y: 0, z: 0}
--- !u!1 &2801553799328883134
GameObject:
  m_ObjectHideFlags: 0
  m_CorrespondingSourceObject: {fileID: 0}
  m_PrefabInstance: {fileID: 0}
  m_PrefabAsset: {fileID: 0}
  serializedVersion: 6
  m_Component:
  - component: {fileID: 7019614135779400017}
  m_Layer: 0
  m_Name: mixamorig:HeadTop_End_end
  m_TagString: Untagged
  m_Icon: {fileID: 0}
  m_NavMeshLayer: 0
  m_StaticEditorFlags: 0
  m_IsActive: 1
--- !u!4 &7019614135779400017
Transform:
  m_ObjectHideFlags: 0
  m_CorrespondingSourceObject: {fileID: 0}
  m_PrefabInstance: {fileID: 0}
  m_PrefabAsset: {fileID: 0}
  m_GameObject: {fileID: 2801553799328883134}
  m_LocalRotation: {x: -0.000000018325101, y: -6.3636398e-21, z: -3.4263627e-20, w: 1}
  m_LocalPosition: {x: 9.151346e-14, y: 0.27647302, z: 0.0000000013311512}
  m_LocalScale: {x: 1, y: 1, z: 1}
  m_Children:
  - {fileID: 4804065378802415361}
  m_Father: {fileID: 7689810562698998985}
  m_RootOrder: 0
  m_LocalEulerAnglesHint: {x: 0, y: 0, z: 0}
--- !u!1 &2920534489706235149
GameObject:
  m_ObjectHideFlags: 0
  m_CorrespondingSourceObject: {fileID: 0}
  m_PrefabInstance: {fileID: 0}
  m_PrefabAsset: {fileID: 0}
  serializedVersion: 6
  m_Component:
  - component: {fileID: 8267085648152910808}
  m_Layer: 0
  m_Name: mixamorig:RightHand
  m_TagString: Untagged
  m_Icon: {fileID: 0}
  m_NavMeshLayer: 0
  m_StaticEditorFlags: 0
  m_IsActive: 1
--- !u!4 &8267085648152910808
Transform:
  m_ObjectHideFlags: 0
  m_CorrespondingSourceObject: {fileID: 0}
  m_PrefabInstance: {fileID: 0}
  m_PrefabAsset: {fileID: 0}
  m_GameObject: {fileID: 2920534489706235149}
  m_LocalRotation: {x: -0.00000050781136, y: 0.000000017230843, z: 0.000000004257436,
    w: 1}
  m_LocalPosition: {x: -1.5002115e-10, y: 0.1000898, z: 0.000000093684065}
  m_LocalScale: {x: 1, y: 1.0000004, z: 1.0000002}
  m_Children:
  - {fileID: 8308377111589391710}
  - {fileID: 4329726177135839724}
  m_Father: {fileID: 5137740081503333444}
  m_RootOrder: 0
  m_LocalEulerAnglesHint: {x: 0, y: 0, z: 0}
--- !u!1 &3474181491023886953
GameObject:
  m_ObjectHideFlags: 0
  m_CorrespondingSourceObject: {fileID: 0}
  m_PrefabInstance: {fileID: 0}
  m_PrefabAsset: {fileID: 0}
  serializedVersion: 6
  m_Component:
  - component: {fileID: 7166863910397492797}
  m_Layer: 0
  m_Name: mixamorig:Hips
  m_TagString: Untagged
  m_Icon: {fileID: 0}
  m_NavMeshLayer: 0
  m_StaticEditorFlags: 0
  m_IsActive: 1
--- !u!4 &7166863910397492797
Transform:
  m_ObjectHideFlags: 0
  m_CorrespondingSourceObject: {fileID: 0}
  m_PrefabInstance: {fileID: 0}
  m_PrefabAsset: {fileID: 0}
  m_GameObject: {fileID: 3474181491023886953}
  m_LocalRotation: {x: 0.00000013051871, y: 0.0000037669445, z: 0.0000112444395, w: 1}
  m_LocalPosition: {x: 0, y: 0.19163746, z: -0.0049438477}
  m_LocalScale: {x: 1, y: 1, z: 1}
  m_Children:
  - {fileID: 2212757920507093716}
  - {fileID: 5586440633905010524}
  - {fileID: 7159915394381020059}
  m_Father: {fileID: 7246012730073455803}
  m_RootOrder: 1
  m_LocalEulerAnglesHint: {x: 3.9037507, y: 64.77304, z: 5.156311}
--- !u!1 &3634238276393193242
GameObject:
  m_ObjectHideFlags: 0
  m_CorrespondingSourceObject: {fileID: 0}
  m_PrefabInstance: {fileID: 0}
  m_PrefabAsset: {fileID: 0}
  serializedVersion: 6
  m_Component:
  - component: {fileID: 8308377111589391710}
  m_Layer: 0
  m_Name: mixamorig:RightHand_end
  m_TagString: Untagged
  m_Icon: {fileID: 0}
  m_NavMeshLayer: 0
  m_StaticEditorFlags: 0
  m_IsActive: 1
--- !u!4 &8308377111589391710
Transform:
  m_ObjectHideFlags: 0
  m_CorrespondingSourceObject: {fileID: 0}
  m_PrefabInstance: {fileID: 0}
  m_PrefabAsset: {fileID: 0}
  m_GameObject: {fileID: 3634238276393193242}
  m_LocalRotation: {x: -0.00000038770094, y: 0.000000009314524, z: 0.0000000021257254,
    w: 1}
  m_LocalPosition: {x: 1.0979647e-10, y: 0.10008973, z: -0.0000000028091016}
  m_LocalScale: {x: 1, y: 0.9999999, z: 0.9999999}
  m_Children:
  - {fileID: 8714094563353372595}
  m_Father: {fileID: 8267085648152910808}
  m_RootOrder: 0
  m_LocalEulerAnglesHint: {x: 0, y: 0, z: 0}
--- !u!1 &4316922348166850604
GameObject:
  m_ObjectHideFlags: 0
  m_CorrespondingSourceObject: {fileID: 0}
  m_PrefabInstance: {fileID: 0}
  m_PrefabAsset: {fileID: 0}
  serializedVersion: 6
  m_Component:
  - component: {fileID: 4529225307724020155}
  m_Layer: 0
  m_Name: mixamorig:RightShoulder
  m_TagString: Untagged
  m_Icon: {fileID: 0}
  m_NavMeshLayer: 0
  m_StaticEditorFlags: 0
  m_IsActive: 1
--- !u!4 &4529225307724020155
Transform:
  m_ObjectHideFlags: 0
  m_CorrespondingSourceObject: {fileID: 0}
  m_PrefabInstance: {fileID: 0}
  m_PrefabAsset: {fileID: 0}
  m_GameObject: {fileID: 4316922348166850604}
  m_LocalRotation: {x: -0.54118055, y: -0.4546923, z: 0.5419108, w: -0.45465502}
  m_LocalPosition: {x: 0.040757384, y: 0.038820624, z: -0.000060468912}
  m_LocalScale: {x: 0.9999998, y: 0.9999997, z: 0.9999998}
  m_Children:
  - {fileID: 8929063583737917916}
  m_Father: {fileID: 8656536307041253836}
  m_RootOrder: 2
  m_LocalEulerAnglesHint: {x: 71.47039, y: -101.03853, z: 175.48778}
--- !u!1 &4329726177135839725
GameObject:
  m_ObjectHideFlags: 0
  m_CorrespondingSourceObject: {fileID: 0}
  m_PrefabInstance: {fileID: 0}
  m_PrefabAsset: {fileID: 0}
  serializedVersion: 6
  m_Component:
  - component: {fileID: 4329726177135839724}
  m_Layer: 0
  m_Name: mainHand
  m_TagString: Untagged
  m_Icon: {fileID: 0}
  m_NavMeshLayer: 0
  m_StaticEditorFlags: 0
  m_IsActive: 1
--- !u!4 &4329726177135839724
Transform:
  m_ObjectHideFlags: 0
  m_CorrespondingSourceObject: {fileID: 0}
  m_PrefabInstance: {fileID: 0}
  m_PrefabAsset: {fileID: 0}
  m_GameObject: {fileID: 4329726177135839725}
  m_LocalRotation: {x: -0.000000016799957, y: -0.000000070331104, z: -0.7071068, w: 0.70710677}
  m_LocalPosition: {x: -0, y: 0.0189, z: 0.0069}
  m_LocalScale: {x: 0.60004246, y: 70.19995, z: 0.6000429}
  m_Children: []
  m_Father: {fileID: 8267085648152910808}
  m_RootOrder: 1
  m_LocalEulerAnglesHint: {x: 0, y: 0, z: -90}
--- !u!1 &4329726177236599899
GameObject:
  m_ObjectHideFlags: 0
  m_CorrespondingSourceObject: {fileID: 0}
  m_PrefabInstance: {fileID: 0}
  m_PrefabAsset: {fileID: 0}
  serializedVersion: 6
  m_Component:
  - component: {fileID: 4329726177236599898}
  m_Layer: 0
  m_Name: helmetHolder
  m_TagString: Untagged
  m_Icon: {fileID: 0}
  m_NavMeshLayer: 0
  m_StaticEditorFlags: 0
  m_IsActive: 1
--- !u!4 &4329726177236599898
Transform:
  m_ObjectHideFlags: 0
  m_CorrespondingSourceObject: {fileID: 0}
  m_PrefabInstance: {fileID: 0}
  m_PrefabAsset: {fileID: 0}
  m_GameObject: {fileID: 4329726177236599899}
  m_LocalRotation: {x: 0.7071069, y: -2.3091733e-12, z: 6.6945004e-12, w: 0.7071067}
  m_LocalPosition: {x: 0, y: 0.09361703, z: 0.006751988}
  m_LocalScale: {x: 3.2253616, y: 3.225367, z: 3.225368}
  m_Children: []
  m_Father: {fileID: 614806510751758924}
  m_RootOrder: 1
  m_LocalEulerAnglesHint: {x: 0, y: 0, z: 0}
--- !u!1 &4329726177281605898
GameObject:
  m_ObjectHideFlags: 0
  m_CorrespondingSourceObject: {fileID: 0}
  m_PrefabInstance: {fileID: 0}
  m_PrefabAsset: {fileID: 0}
  serializedVersion: 6
  m_Component:
  - component: {fileID: 4329726177281605893}
  m_Layer: 0
  m_Name: offHand
  m_TagString: Untagged
  m_Icon: {fileID: 0}
  m_NavMeshLayer: 0
  m_StaticEditorFlags: 0
  m_IsActive: 1
--- !u!4 &4329726177281605893
Transform:
  m_ObjectHideFlags: 0
  m_CorrespondingSourceObject: {fileID: 0}
  m_PrefabInstance: {fileID: 0}
  m_PrefabAsset: {fileID: 0}
  m_GameObject: {fileID: 4329726177281605898}
  m_LocalRotation: {x: 0.7070488, y: 0.7070494, z: -0.009035003, w: -0.009034139}
  m_LocalPosition: {x: 0.0014268631, y: 0.024553897, z: 0.0034431887}
  m_LocalScale: {x: 19.744072, y: 19.744057, z: 19.744062}
  m_Children:
  - {fileID: 2872268159617088125}
  m_Father: {fileID: 1530649566652696579}
  m_RootOrder: 1
  m_LocalEulerAnglesHint: {x: 0, y: 0, z: 0}
--- !u!1 &4352239638679533131
GameObject:
  m_ObjectHideFlags: 0
  m_CorrespondingSourceObject: {fileID: 0}
  m_PrefabInstance: {fileID: 0}
  m_PrefabAsset: {fileID: 0}
  serializedVersion: 6
  m_Component:
  - component: {fileID: 5240393466172440129}
  m_Layer: 0
  m_Name: mixamorig:RightToe_End
  m_TagString: Untagged
  m_Icon: {fileID: 0}
  m_NavMeshLayer: 0
  m_StaticEditorFlags: 0
  m_IsActive: 1
--- !u!4 &5240393466172440129
Transform:
  m_ObjectHideFlags: 0
  m_CorrespondingSourceObject: {fileID: 0}
  m_PrefabInstance: {fileID: 0}
  m_PrefabAsset: {fileID: 0}
  m_GameObject: {fileID: 4352239638679533131}
  m_LocalRotation: {x: 0.000000246539, y: -0.000000046052268, z: 0.00000027437636,
    w: 1}
  m_LocalPosition: {x: -0.000000014555989, y: 0.0056430916, z: -2.9802322e-10}
  m_LocalScale: {x: 1, y: 1.0000001, z: 0.99999994}
  m_Children:
  - {fileID: 2770446707140455849}
  m_Father: {fileID: 6716441712263693844}
  m_RootOrder: 0
  m_LocalEulerAnglesHint: {x: 0, y: 0, z: 0}
--- !u!1 &4662802452690280510
GameObject:
  m_ObjectHideFlags: 0
  m_CorrespondingSourceObject: {fileID: 0}
  m_PrefabInstance: {fileID: 0}
  m_PrefabAsset: {fileID: 0}
  serializedVersion: 6
  m_Component:
  - component: {fileID: 3986924297632130755}
  m_Layer: 0
  m_Name: mixamorig:LeftFoot
  m_TagString: Untagged
  m_Icon: {fileID: 0}
  m_NavMeshLayer: 0
  m_StaticEditorFlags: 0
  m_IsActive: 1
--- !u!4 &3986924297632130755
Transform:
  m_ObjectHideFlags: 0
  m_CorrespondingSourceObject: {fileID: 0}
  m_PrefabInstance: {fileID: 0}
  m_PrefabAsset: {fileID: 0}
  m_GameObject: {fileID: 4662802452690280510}
  m_LocalRotation: {x: 0.52193165, y: 0.0047938777, z: -0.0017308355, w: 0.8529721}
  m_LocalPosition: {x: -0.000000007656054, y: 0.07825049, z: -3.1897798e-10}
  m_LocalScale: {x: 1, y: 0.99999994, z: 1.0000002}
  m_Children:
  - {fileID: 3991653439491975672}
  m_Father: {fileID: 8658381240751741524}
  m_RootOrder: 0
  m_LocalEulerAnglesHint: {x: 47.432705, y: 49.76496, z: 60.06821}
--- !u!1 &4664749007590021244
GameObject:
  m_ObjectHideFlags: 0
  m_CorrespondingSourceObject: {fileID: 0}
  m_PrefabInstance: {fileID: 0}
  m_PrefabAsset: {fileID: 0}
  serializedVersion: 6
  m_Component:
  - component: {fileID: 2850151370100778458}
  m_Layer: 0
  m_Name: mixamorig:LeftHand_end_end
  m_TagString: Untagged
  m_Icon: {fileID: 0}
  m_NavMeshLayer: 0
  m_StaticEditorFlags: 0
  m_IsActive: 1
--- !u!4 &2850151370100778458
Transform:
  m_ObjectHideFlags: 0
  m_CorrespondingSourceObject: {fileID: 0}
  m_PrefabInstance: {fileID: 0}
  m_PrefabAsset: {fileID: 0}
  m_GameObject: {fileID: 4664749007590021244}
  m_LocalRotation: {x: -0.0000000018142807, y: 0.000000002328227, z: 0.0000000029773144,
    w: 1}
  m_LocalPosition: {x: 6.358823e-10, y: 0.10009743, z: 0.00000005348047}
  m_LocalScale: {x: 1, y: 1, z: 1}
  m_Children:
  - {fileID: 2118674542759009909}
  m_Father: {fileID: 2929456897405245377}
  m_RootOrder: 0
  m_LocalEulerAnglesHint: {x: 0, y: 0, z: 0}
--- !u!1 &5060320874859729224
GameObject:
  m_ObjectHideFlags: 0
  m_CorrespondingSourceObject: {fileID: 0}
  m_PrefabInstance: {fileID: 0}
  m_PrefabAsset: {fileID: 0}
  serializedVersion: 6
  m_Component:
  - component: {fileID: 2543465694805916915}
  m_Layer: 0
  m_Name: mixamorig:RightToe_End_end_end_end
  m_TagString: Untagged
  m_Icon: {fileID: 0}
  m_NavMeshLayer: 0
  m_StaticEditorFlags: 0
  m_IsActive: 1
--- !u!4 &2543465694805916915
Transform:
  m_ObjectHideFlags: 0
  m_CorrespondingSourceObject: {fileID: 0}
  m_PrefabInstance: {fileID: 0}
  m_PrefabAsset: {fileID: 0}
  m_GameObject: {fileID: 5060320874859729224}
  m_LocalRotation: {x: 0, y: -0, z: -0, w: 1}
  m_LocalPosition: {x: -0, y: 0.0056441785, z: 0}
  m_LocalScale: {x: 1, y: 1, z: 1}
  m_Children: []
  m_Father: {fileID: 961238954711746472}
  m_RootOrder: 0
  m_LocalEulerAnglesHint: {x: 0, y: 0, z: 0}
--- !u!1 &5064511754826322402
GameObject:
  m_ObjectHideFlags: 0
  m_CorrespondingSourceObject: {fileID: 0}
  m_PrefabInstance: {fileID: 0}
  m_PrefabAsset: {fileID: 0}
  serializedVersion: 6
  m_Component:
  - component: {fileID: 6716441712263693844}
  m_Layer: 0
  m_Name: mixamorig:RightToeBase
  m_TagString: Untagged
  m_Icon: {fileID: 0}
  m_NavMeshLayer: 0
  m_StaticEditorFlags: 0
  m_IsActive: 1
--- !u!4 &6716441712263693844
Transform:
  m_ObjectHideFlags: 0
  m_CorrespondingSourceObject: {fileID: 0}
  m_PrefabInstance: {fileID: 0}
  m_PrefabAsset: {fileID: 0}
  m_GameObject: {fileID: 5064511754826322402}
  m_LocalRotation: {x: 0.2808297, y: 0.010165681, z: -0.0020575929, w: 0.9597016}
  m_LocalPosition: {x: -0.000000005044567, y: 0.014217567, z: -0.0000000019371509}
  m_LocalScale: {x: 0.9999999, y: 0.9999994, z: 0.9999994}
  m_Children:
  - {fileID: 5240393466172440129}
  m_Father: {fileID: 636343633875746749}
  m_RootOrder: 0
  m_LocalEulerAnglesHint: {x: 35.94425, y: 1.2476977, z: 0.044337038}
--- !u!1 &5735471476641472297
GameObject:
  m_ObjectHideFlags: 0
  m_CorrespondingSourceObject: {fileID: 0}
  m_PrefabInstance: {fileID: 0}
  m_PrefabAsset: {fileID: 0}
  serializedVersion: 6
  m_Component:
  - component: {fileID: 7689810562698998985}
  m_Layer: 0
  m_Name: mixamorig:HeadTop_End
  m_TagString: Untagged
  m_Icon: {fileID: 0}
  m_NavMeshLayer: 0
  m_StaticEditorFlags: 0
  m_IsActive: 1
--- !u!4 &7689810562698998985
Transform:
  m_ObjectHideFlags: 0
  m_CorrespondingSourceObject: {fileID: 0}
  m_PrefabInstance: {fileID: 0}
  m_PrefabAsset: {fileID: 0}
  m_GameObject: {fileID: 5735471476641472297}
  m_LocalRotation: {x: 7.1054274e-15, y: 9.481663e-22, z: -3.6960152e-20, w: 1}
  m_LocalPosition: {x: 2.1103223e-14, y: 0.2725606, z: -0.046347525}
  m_LocalScale: {x: 1, y: 1, z: 1}
  m_Children:
  - {fileID: 7019614135779400017}
  m_Father: {fileID: 614806510751758924}
  m_RootOrder: 0
  m_LocalEulerAnglesHint: {x: 0, y: 0, z: 0}
--- !u!1 &5968496523433635496
GameObject:
  m_ObjectHideFlags: 0
  m_CorrespondingSourceObject: {fileID: 0}
  m_PrefabInstance: {fileID: 0}
  m_PrefabAsset: {fileID: 0}
  serializedVersion: 6
  m_Component:
  - component: {fileID: 7246012730073455803}
  - component: {fileID: 5968496523433635499}
  m_Layer: 0
  m_Name: Soldier
  m_TagString: Untagged
  m_Icon: {fileID: 0}
  m_NavMeshLayer: 0
  m_StaticEditorFlags: 0
  m_IsActive: 1
--- !u!4 &7246012730073455803
Transform:
  m_ObjectHideFlags: 0
  m_CorrespondingSourceObject: {fileID: 0}
  m_PrefabInstance: {fileID: 0}
  m_PrefabAsset: {fileID: 0}
  m_GameObject: {fileID: 5968496523433635496}
  m_LocalRotation: {x: 0, y: 0, z: 0, w: 1}
  m_LocalPosition: {x: 0, y: 0, z: 0}
  m_LocalScale: {x: 1, y: 1, z: 1}
  m_Children:
  - {fileID: 5289318227174377416}
  - {fileID: 7166863910397492797}
  m_Father: {fileID: 0}
  m_RootOrder: 0
  m_LocalEulerAnglesHint: {x: 0, y: 0, z: 0}
--- !u!95 &5968496523433635499
Animator:
  serializedVersion: 3
  m_ObjectHideFlags: 0
  m_CorrespondingSourceObject: {fileID: 0}
  m_PrefabInstance: {fileID: 0}
  m_PrefabAsset: {fileID: 0}
  m_GameObject: {fileID: 5968496523433635496}
  m_Enabled: 1
  m_Avatar: {fileID: 9000000, guid: 311a26e0198fa0a4e88c1f83fce81f86, type: 3}
  m_Controller: {fileID: 9100000, guid: 20e9208fd588f404a936d9d85bdb203b, type: 2}
  m_CullingMode: 0
  m_UpdateMode: 0
  m_ApplyRootMotion: 0
  m_LinearVelocityBlending: 0
  m_WarningMessage: 
  m_HasTransformHierarchy: 1
  m_AllowConstantClipSamplingOptimization: 1
  m_KeepAnimatorControllerStateOnDisable: 0
--- !u!1 &6045163999282631665
GameObject:
  m_ObjectHideFlags: 0
  m_CorrespondingSourceObject: {fileID: 0}
  m_PrefabInstance: {fileID: 0}
  m_PrefabAsset: {fileID: 0}
  serializedVersion: 6
  m_Component:
  - component: {fileID: 636343633875746749}
  m_Layer: 0
  m_Name: mixamorig:RightFoot
  m_TagString: Untagged
  m_Icon: {fileID: 0}
  m_NavMeshLayer: 0
  m_StaticEditorFlags: 0
  m_IsActive: 1
--- !u!4 &636343633875746749
Transform:
  m_ObjectHideFlags: 0
  m_CorrespondingSourceObject: {fileID: 0}
  m_PrefabInstance: {fileID: 0}
  m_PrefabAsset: {fileID: 0}
  m_GameObject: {fileID: 6045163999282631665}
  m_LocalRotation: {x: 0.5487421, y: -0.00396992, z: 0.0017283182, w: 0.83598053}
  m_LocalPosition: {x: -0.00000000212749, y: 0.07828056, z: -0.0000000038952566}
  m_LocalScale: {x: 0.9999998, y: 1.0000001, z: 1.0000004}
  m_Children:
  - {fileID: 6716441712263693844}
  m_Father: {fileID: 2896965775008019228}
  m_RootOrder: 0
  m_LocalEulerAnglesHint: {x: 56.732433, y: -86.97329, z: -99.09731}
--- !u!1 &6148648800254471104
GameObject:
  m_ObjectHideFlags: 0
  m_CorrespondingSourceObject: {fileID: 0}
  m_PrefabInstance: {fileID: 0}
  m_PrefabAsset: {fileID: 0}
  serializedVersion: 6
  m_Component:
  - component: {fileID: 5137740081503333444}
  m_Layer: 0
  m_Name: mixamorig:RightForeArm
  m_TagString: Untagged
  m_Icon: {fileID: 0}
  m_NavMeshLayer: 0
  m_StaticEditorFlags: 0
  m_IsActive: 1
--- !u!4 &5137740081503333444
Transform:
  m_ObjectHideFlags: 0
  m_CorrespondingSourceObject: {fileID: 0}
  m_PrefabInstance: {fileID: 0}
  m_PrefabAsset: {fileID: 0}
  m_GameObject: {fileID: 6148648800254471104}
  m_LocalRotation: {x: -0.0000015039807, y: -0.00023998604, z: 0.00000037922635, w: 1}
  m_LocalPosition: {x: 0.000000001233866, y: 0.05822577, z: -0.000000055748966}
  m_LocalScale: {x: 1, y: 1, z: 0.9999998}
  m_Children:
  - {fileID: 8267085648152910808}
  m_Father: {fileID: 8929063583737917916}
  m_RootOrder: 0
  m_LocalEulerAnglesHint: {x: -17.475069, y: -4.8085103, z: 85.07641}
--- !u!1 &6387349788659467581
GameObject:
  m_ObjectHideFlags: 0
  m_CorrespondingSourceObject: {fileID: 0}
  m_PrefabInstance: {fileID: 0}
  m_PrefabAsset: {fileID: 0}
  serializedVersion: 6
  m_Component:
  - component: {fileID: 2896965775008019228}
  m_Layer: 0
  m_Name: mixamorig:RightLeg
  m_TagString: Untagged
  m_Icon: {fileID: 0}
  m_NavMeshLayer: 0
  m_StaticEditorFlags: 0
  m_IsActive: 1
--- !u!4 &2896965775008019228
Transform:
  m_ObjectHideFlags: 0
  m_CorrespondingSourceObject: {fileID: 0}
  m_PrefabInstance: {fileID: 0}
  m_PrefabAsset: {fileID: 0}
  m_GameObject: {fileID: 6387349788659467581}
  m_LocalRotation: {x: -0.1473093, y: 0.0005177454, z: -0.0055740476, w: 0.98907465}
  m_LocalPosition: {x: 0.0000000038859436, y: 0.08996866, z: 0.0000000017508864}
  m_LocalScale: {x: 0.99999976, y: 0.9999996, z: 1.0000001}
  m_Children:
  - {fileID: 636343633875746749}
  m_Father: {fileID: 5586440633905010524}
  m_RootOrder: 0
  m_LocalEulerAnglesHint: {x: -62.12703, y: 35.790752, z: -29.830385}
--- !u!1 &7060411700052326551
GameObject:
  m_ObjectHideFlags: 0
  m_CorrespondingSourceObject: {fileID: 0}
  m_PrefabInstance: {fileID: 0}
  m_PrefabAsset: {fileID: 0}
  serializedVersion: 6
  m_Component:
  - component: {fileID: 8656536307041253836}
  m_Layer: 0
  m_Name: mixamorig:Spine2
  m_TagString: Untagged
  m_Icon: {fileID: 0}
  m_NavMeshLayer: 0
  m_StaticEditorFlags: 0
  m_IsActive: 1
--- !u!4 &8656536307041253836
Transform:
  m_ObjectHideFlags: 0
  m_CorrespondingSourceObject: {fileID: 0}
  m_PrefabInstance: {fileID: 0}
  m_PrefabAsset: {fileID: 0}
  m_GameObject: {fileID: 7060411700052326551}
  m_LocalRotation: {x: 0.000000030733645, y: -2.1175824e-21, z: -6.0986366e-20, w: 1}
  m_LocalPosition: {x: -5.2680428e-14, y: 0.040057182, z: 2.980232e-10}
  m_LocalScale: {x: 1, y: 1, z: 1}
  m_Children:
  - {fileID: 3639468100050896222}
  - {fileID: 8502571877314448684}
  - {fileID: 4529225307724020155}
  m_Father: {fileID: 6304585715303924713}
  m_RootOrder: 0
  m_LocalEulerAnglesHint: {x: 2.369756, y: 1.5179818, z: 1.9317695}
--- !u!1 &7698132279426582911
GameObject:
  m_ObjectHideFlags: 0
  m_CorrespondingSourceObject: {fileID: 0}
  m_PrefabInstance: {fileID: 0}
  m_PrefabAsset: {fileID: 0}
  serializedVersion: 6
  m_Component:
  - component: {fileID: 5586689928790728134}
  m_Layer: 0
  m_Name: mixamorig:LeftToe_End_end
  m_TagString: Untagged
  m_Icon: {fileID: 0}
  m_NavMeshLayer: 0
  m_StaticEditorFlags: 0
  m_IsActive: 1
--- !u!4 &5586689928790728134
Transform:
  m_ObjectHideFlags: 0
  m_CorrespondingSourceObject: {fileID: 0}
  m_PrefabInstance: {fileID: 0}
  m_PrefabAsset: {fileID: 0}
  m_GameObject: {fileID: 7698132279426582911}
  m_LocalRotation: {x: -0.0000000010948044, y: -0.0000008259941, z: 0.0000008065764,
    w: 1}
  m_LocalPosition: {x: 0.0000000010229996, y: 0.0053281114, z: -7.4505804e-11}
  m_LocalScale: {x: 0.99999994, y: 0.9999999, z: 0.9999999}
  m_Children:
  - {fileID: 784233861691527836}
  m_Father: {fileID: 6384826147156953740}
  m_RootOrder: 0
  m_LocalEulerAnglesHint: {x: 0, y: 0, z: 0}
--- !u!1 &7847174233152874348
GameObject:
  m_ObjectHideFlags: 0
  m_CorrespondingSourceObject: {fileID: 0}
  m_PrefabInstance: {fileID: 0}
  m_PrefabAsset: {fileID: 0}
  serializedVersion: 6
  m_Component:
  - component: {fileID: 7516523989087518789}
  m_Layer: 0
  m_Name: mixamorig:RightHand_end_end_end
  m_TagString: Untagged
  m_Icon: {fileID: 0}
  m_NavMeshLayer: 0
  m_StaticEditorFlags: 0
  m_IsActive: 1
--- !u!4 &7516523989087518789
Transform:
  m_ObjectHideFlags: 0
  m_CorrespondingSourceObject: {fileID: 0}
  m_PrefabInstance: {fileID: 0}
  m_PrefabAsset: {fileID: 0}
  m_GameObject: {fileID: 7847174233152874348}
  m_LocalRotation: {x: 0, y: -0, z: -0, w: 1}
  m_LocalPosition: {x: -0, y: 0.10008976, z: 0}
  m_LocalScale: {x: 1, y: 1, z: 1}
  m_Children: []
  m_Father: {fileID: 8714094563353372595}
  m_RootOrder: 0
  m_LocalEulerAnglesHint: {x: 0, y: 0, z: 0}
--- !u!1 &7895966434426183643
GameObject:
  m_ObjectHideFlags: 0
  m_CorrespondingSourceObject: {fileID: 0}
  m_PrefabInstance: {fileID: 0}
  m_PrefabAsset: {fileID: 0}
  serializedVersion: 6
  m_Component:
  - component: {fileID: 2929456897405245377}
  m_Layer: 0
  m_Name: mixamorig:LeftHand_end
  m_TagString: Untagged
  m_Icon: {fileID: 0}
  m_NavMeshLayer: 0
  m_StaticEditorFlags: 0
  m_IsActive: 1
--- !u!4 &2929456897405245377
Transform:
  m_ObjectHideFlags: 0
  m_CorrespondingSourceObject: {fileID: 0}
  m_PrefabInstance: {fileID: 0}
  m_PrefabAsset: {fileID: 0}
  m_GameObject: {fileID: 7895966434426183643}
  m_LocalRotation: {x: 0.00000057139243, y: 0.00000000325976, z: -0.000000009057141,
    w: 1}
  m_LocalPosition: {x: 1.5665136e-10, y: 0.100097336, z: 0.000000056805}
  m_LocalScale: {x: 1, y: 1.0000001, z: 1}
  m_Children:
  - {fileID: 2850151370100778458}
  m_Father: {fileID: 1530649566652696579}
  m_RootOrder: 0
  m_LocalEulerAnglesHint: {x: 0, y: 0, z: 0}
--- !u!1 &7956432479668384721
GameObject:
  m_ObjectHideFlags: 0
  m_CorrespondingSourceObject: {fileID: 0}
  m_PrefabInstance: {fileID: 0}
  m_PrefabAsset: {fileID: 0}
  serializedVersion: 6
  m_Component:
  - component: {fileID: 2770446707140455849}
  m_Layer: 0
  m_Name: mixamorig:RightToe_End_end
  m_TagString: Untagged
  m_Icon: {fileID: 0}
  m_NavMeshLayer: 0
  m_StaticEditorFlags: 0
  m_IsActive: 1
--- !u!4 &2770446707140455849
Transform:
  m_ObjectHideFlags: 0
  m_CorrespondingSourceObject: {fileID: 0}
  m_PrefabInstance: {fileID: 0}
  m_PrefabAsset: {fileID: 0}
  m_GameObject: {fileID: 7956432479668384721}
  m_LocalRotation: {x: -0.00000000114062, y: 0.00000006614255, z: -0.00000006452319,
    w: 1}
  m_LocalPosition: {x: 0.0000000050893867, y: 0.005645184, z: -1.8626451e-11}
  m_LocalScale: {x: 1, y: 1, z: 0.99999994}
  m_Children:
  - {fileID: 961238954711746472}
  m_Father: {fileID: 5240393466172440129}
  m_RootOrder: 0
  m_LocalEulerAnglesHint: {x: 0, y: 0, z: 0}
--- !u!1 &8389496542803855682
GameObject:
  m_ObjectHideFlags: 0
  m_CorrespondingSourceObject: {fileID: 0}
  m_PrefabInstance: {fileID: 0}
  m_PrefabAsset: {fileID: 0}
  serializedVersion: 6
  m_Component:
  - component: {fileID: 7159915394381020059}
  m_Layer: 0
  m_Name: mixamorig:Spine
  m_TagString: Untagged
  m_Icon: {fileID: 0}
  m_NavMeshLayer: 0
  m_StaticEditorFlags: 0
  m_IsActive: 1
--- !u!4 &7159915394381020059
Transform:
  m_ObjectHideFlags: 0
  m_CorrespondingSourceObject: {fileID: 0}
  m_PrefabInstance: {fileID: 0}
  m_PrefabAsset: {fileID: 0}
  m_GameObject: {fileID: 8389496542803855682}
  m_LocalRotation: {x: 0.010134243, y: -0.000003880701, z: -0.000011205689, w: 0.9999487}
  m_LocalPosition: {x: -9.3223206e-14, y: 0.030036716, z: 0.0006088954}
  m_LocalScale: {x: 1, y: 0.99999994, z: 1}
  m_Children:
  - {fileID: 6304585715303924713}
  m_Father: {fileID: 7166863910397492797}
  m_RootOrder: 2
  m_LocalEulerAnglesHint: {x: 1.077, y: 2.776, z: -0.09200001}
--- !u!1 &8433992998283252013
GameObject:
  m_ObjectHideFlags: 0
  m_CorrespondingSourceObject: {fileID: 0}
  m_PrefabInstance: {fileID: 0}
  m_PrefabAsset: {fileID: 0}
  serializedVersion: 6
  m_Component:
  - component: {fileID: 4804065378802415361}
  m_Layer: 0
  m_Name: mixamorig:HeadTop_End_end_end
  m_TagString: Untagged
  m_Icon: {fileID: 0}
  m_NavMeshLayer: 0
  m_StaticEditorFlags: 0
  m_IsActive: 1
--- !u!4 &4804065378802415361
Transform:
  m_ObjectHideFlags: 0
  m_CorrespondingSourceObject: {fileID: 0}
  m_PrefabInstance: {fileID: 0}
  m_PrefabAsset: {fileID: 0}
  m_GameObject: {fileID: 8433992998283252013}
  m_LocalRotation: {x: 0.000000017247153, y: 1.3018004e-20, z: -1.0145172e-20, w: 1}
  m_LocalPosition: {x: 1.640469e-14, y: 0.27647302, z: 0.000000002644765}
  m_LocalScale: {x: 1, y: 1, z: 1}
  m_Children:
  - {fileID: 6677761806879084993}
  m_Father: {fileID: 7019614135779400017}
  m_RootOrder: 0
  m_LocalEulerAnglesHint: {x: 0, y: 0, z: 0}
--- !u!1 &8818144215049333716
GameObject:
  m_ObjectHideFlags: 0
  m_CorrespondingSourceObject: {fileID: 0}
  m_PrefabInstance: {fileID: 0}
  m_PrefabAsset: {fileID: 0}
  serializedVersion: 6
  m_Component:
  - component: {fileID: 6677761806879084993}
  m_Layer: 0
  m_Name: mixamorig:HeadTop_End_end_end_end
  m_TagString: Untagged
  m_Icon: {fileID: 0}
  m_NavMeshLayer: 0
  m_StaticEditorFlags: 0
  m_IsActive: 1
--- !u!4 &6677761806879084993
Transform:
  m_ObjectHideFlags: 0
  m_CorrespondingSourceObject: {fileID: 0}
  m_PrefabInstance: {fileID: 0}
  m_PrefabAsset: {fileID: 0}
  m_GameObject: {fileID: 8818144215049333716}
  m_LocalRotation: {x: 0, y: -0, z: -0, w: 1}
  m_LocalPosition: {x: -0, y: 0.27647293, z: 0}
  m_LocalScale: {x: 1, y: 1, z: 1}
  m_Children: []
  m_Father: {fileID: 4804065378802415361}
  m_RootOrder: 0
  m_LocalEulerAnglesHint: {x: 0, y: 0, z: 0}
--- !u!1 &8898739253470782646
GameObject:
  m_ObjectHideFlags: 0
  m_CorrespondingSourceObject: {fileID: 0}
  m_PrefabInstance: {fileID: 0}
  m_PrefabAsset: {fileID: 0}
  serializedVersion: 6
  m_Component:
  - component: {fileID: 5289318227174377416}
  - component: {fileID: 473099195109069356}
  m_Layer: 0
  m_Name: body_double
  m_TagString: Untagged
  m_Icon: {fileID: 0}
  m_NavMeshLayer: 0
  m_StaticEditorFlags: 0
  m_IsActive: 1
--- !u!4 &5289318227174377416
Transform:
  m_ObjectHideFlags: 0
  m_CorrespondingSourceObject: {fileID: 0}
  m_PrefabInstance: {fileID: 0}
  m_PrefabAsset: {fileID: 0}
  m_GameObject: {fileID: 8898739253470782646}
  m_LocalRotation: {x: -0.7071068, y: -0.0000000035227978, z: 0.0000000017834169,
    w: 0.7071067}
  m_LocalPosition: {x: -0.000000012051314, y: -0.000000015068801, z: -0.000099998106}
  m_LocalScale: {x: -3.7387598, y: -3.7387583, z: -3.7387583}
  m_Children: []
  m_Father: {fileID: 7246012730073455803}
  m_RootOrder: 0
  m_LocalEulerAnglesHint: {x: 0, y: 0, z: 0}
--- !u!137 &473099195109069356
SkinnedMeshRenderer:
  m_ObjectHideFlags: 0
  m_CorrespondingSourceObject: {fileID: 0}
  m_PrefabInstance: {fileID: 0}
  m_PrefabAsset: {fileID: 0}
  m_GameObject: {fileID: 8898739253470782646}
  m_Enabled: 1
  m_CastShadows: 1
  m_ReceiveShadows: 1
  m_DynamicOccludee: 1
  m_MotionVectors: 1
  m_LightProbeUsage: 1
  m_ReflectionProbeUsage: 1
  m_RayTracingMode: 0
  m_RenderingLayerMask: 1
  m_RendererPriority: 0
  m_Materials:
  - {fileID: 2100000, guid: 0705f782157c5de4f974512666079215, type: 2}
  - {fileID: 2100000, guid: 65690527bc8e01e43aac70c7b5294df2, type: 2}
  - {fileID: 2100000, guid: 066fb96f47d89954798775830736ce59, type: 2}
  m_StaticBatchInfo:
    firstSubMesh: 0
    subMeshCount: 0
  m_StaticBatchRoot: {fileID: 0}
  m_ProbeAnchor: {fileID: 0}
  m_LightProbeVolumeOverride: {fileID: 0}
  m_ScaleInLightmap: 1
  m_ReceiveGI: 1
  m_PreserveUVs: 0
  m_IgnoreNormalsForChartDetection: 0
  m_ImportantGI: 0
  m_StitchLightmapSeams: 1
  m_SelectedEditorRenderState: 3
  m_MinimumChartSize: 4
  m_AutoUVMaxDistance: 0.5
  m_AutoUVMaxAngle: 89
  m_LightmapParameters: {fileID: 0}
  m_SortingLayerID: 0
  m_SortingLayer: 0
  m_SortingOrder: 0
  serializedVersion: 2
  m_Quality: 0
  m_UpdateWhenOffscreen: 0
  m_SkinnedMotionVectors: 1
  m_Mesh: {fileID: 7334352441434025199, guid: 13dac8c82e5ada94eab47d585077ed10, type: 3}
  m_Bones:
  - {fileID: 7166863910397492797}
  - {fileID: 7159915394381020059}
  - {fileID: 6304585715303924713}
  - {fileID: 8656536307041253836}
  - {fileID: 8502571877314448684}
  - {fileID: 614806510751758924}
  - {fileID: 7689810562698998985}
  - {fileID: 7019614135779400017}
  - {fileID: 4804065378802415361}
  - {fileID: 3639468100050896222}
  - {fileID: 6317187289855861248}
  - {fileID: 5697270503521829851}
  - {fileID: 1530649566652696579}
  - {fileID: 2929456897405245377}
  - {fileID: 2850151370100778458}
  - {fileID: 4529225307724020155}
  - {fileID: 8929063583737917916}
  - {fileID: 5137740081503333444}
  - {fileID: 8267085648152910808}
  - {fileID: 8308377111589391710}
  - {fileID: 8714094563353372595}
  - {fileID: 2212757920507093716}
  - {fileID: 8658381240751741524}
  - {fileID: 3986924297632130755}
  - {fileID: 3991653439491975672}
  - {fileID: 6384826147156953740}
  - {fileID: 5586689928790728134}
  - {fileID: 784233861691527836}
  - {fileID: 5586440633905010524}
  - {fileID: 2896965775008019228}
  - {fileID: 636343633875746749}
  - {fileID: 6716441712263693844}
  - {fileID: 5240393466172440129}
  - {fileID: 2770446707140455849}
  - {fileID: 961238954711746472}
  m_BlendShapeWeights: []
  m_RootBone: {fileID: 7166863910397492797}
  m_AABB:
    m_Center: {x: 0.0007043481, y: 0.08647781, z: 0.001149483}
    m_Extent: {x: 0.33587256, y: 0.28606755, z: 0.11167942}
  m_DirtyAABB: 0
--- !u!1 &9003245633745745170
GameObject:
  m_ObjectHideFlags: 0
  m_CorrespondingSourceObject: {fileID: 0}
  m_PrefabInstance: {fileID: 0}
  m_PrefabAsset: {fileID: 0}
  serializedVersion: 6
  m_Component:
  - component: {fileID: 3991653439491975672}
  m_Layer: 0
  m_Name: mixamorig:LeftToeBase
  m_TagString: Untagged
  m_Icon: {fileID: 0}
  m_NavMeshLayer: 0
  m_StaticEditorFlags: 0
  m_IsActive: 1
--- !u!4 &3991653439491975672
Transform:
  m_ObjectHideFlags: 0
  m_CorrespondingSourceObject: {fileID: 0}
  m_PrefabInstance: {fileID: 0}
  m_PrefabAsset: {fileID: 0}
  m_GameObject: {fileID: 9003245633745745170}
  m_LocalRotation: {x: 0.31168526, y: -0.010476001, z: 0.0024426666, w: 0.95012456}
  m_LocalPosition: {x: -0.00000000749831, y: 0.012975559, z: 1.11758706e-10}
  m_LocalScale: {x: 0.99999994, y: 1.0000001, z: 1.0000004}
  m_Children:
  - {fileID: 6384826147156953740}
  m_Father: {fileID: 3986924297632130755}
  m_RootOrder: 0
  m_LocalEulerAnglesHint: {x: 36.235554, y: -1.2854487, z: 0.0011910867}
--- !u!1 &9111977863313210383
GameObject:
  m_ObjectHideFlags: 0
  m_CorrespondingSourceObject: {fileID: 0}
  m_PrefabInstance: {fileID: 0}
  m_PrefabAsset: {fileID: 0}
  serializedVersion: 6
  m_Component:
  - component: {fileID: 8502571877314448684}
  m_Layer: 0
  m_Name: mixamorig:Neck
  m_TagString: Untagged
  m_Icon: {fileID: 0}
  m_NavMeshLayer: 0
  m_StaticEditorFlags: 0
  m_IsActive: 1
--- !u!4 &8502571877314448684
Transform:
  m_ObjectHideFlags: 0
  m_CorrespondingSourceObject: {fileID: 0}
  m_PrefabInstance: {fileID: 0}
  m_PrefabAsset: {fileID: 0}
  m_GameObject: {fileID: 9111977863313210383}
  m_LocalRotation: {x: -0.010134306, y: 4.493618e-14, z: 2.2692997e-13, w: 0.9999487}
  m_LocalPosition: {x: -2.6375256e-13, y: 0.045064304, z: 7.45058e-10}
  m_LocalScale: {x: 1, y: 0.99999994, z: 0.9999999}
  m_Children:
  - {fileID: 614806510751758924}
  m_Father: {fileID: 8656536307041253836}
  m_RootOrder: 1
  m_LocalEulerAnglesHint: {x: 1.3060269, y: -9.223196, z: 0.5836549}
--- !u!1 &9215872854756342696
GameObject:
  m_ObjectHideFlags: 0
  m_CorrespondingSourceObject: {fileID: 0}
  m_PrefabInstance: {fileID: 0}
  m_PrefabAsset: {fileID: 0}
  serializedVersion: 6
  m_Component:
  - component: {fileID: 2212757920507093716}
  m_Layer: 0
  m_Name: mixamorig:LeftUpLeg
  m_TagString: Untagged
  m_Icon: {fileID: 0}
  m_NavMeshLayer: 0
  m_StaticEditorFlags: 0
  m_IsActive: 1
--- !u!4 &2212757920507093716
Transform:
  m_ObjectHideFlags: 0
  m_CorrespondingSourceObject: {fileID: 0}
  m_PrefabInstance: {fileID: 0}
  m_PrefabAsset: {fileID: 0}
  m_GameObject: {fileID: 9215872854756342696}
  m_LocalRotation: {x: -0.00018555287, y: 0.053828713, z: 0.9985477, w: 0.0022407025}
  m_LocalPosition: {x: -0.046051044, y: -0.016712468, z: 0.002004424}
  m_LocalScale: {x: 1.0000067, y: 1.0000027, z: 1.0001122}
  m_Children:
  - {fileID: 8658381240751741524}
  m_Father: {fileID: 7166863910397492797}
  m_RootOrder: 0
  m_LocalEulerAnglesHint: {x: -51.582066, y: 11.50669, z: 114.22715}
